@String(PAMI = {IEEE Trans. Pattern Anal. Mach. Intell.})
@String(IJCV = {Int. J. Comput. Vis.})
@String(CVPR= {IEEE Conf. Comput. Vis. Pattern Recog.})
@String(ICCV= {Int. Conf. Comput. Vis.})
@String(ECCV= {Eur. Conf. Comput. Vis.})
@String(NIPS= {Adv. Neural Inform. Process. Syst.})
@String(ICPR = {Int. Conf. Pattern Recog.})
@String(BMVC= {Brit. Mach. Vis. Conf.})
@String(TOG= {ACM Trans. Graph.})
@String(TIP  = {IEEE Trans. Image Process.})
@String(TVCG  = {IEEE Trans. Vis. Comput. Graph.})
@String(TMM  = {IEEE Trans. Multimedia})
@String(ACMMM= {ACM Int. Conf. Multimedia})
@String(ICME = {Int. Conf. Multimedia and Expo})
@String(ICASSP=	{ICASSP})
@String(ICIP = {IEEE Int. Conf. Image Process.})
@String(ACCV  = {ACCV})
@String(ICLR = {Int. Conf. Learn. Represent.})
@String(IJCAI = {IJCAI})
@String(PR   = {Pattern Recognition})
@String(AAAI = {AAAI})
@String(CVPRW= {IEEE Conf. Comput. Vis. Pattern Recog. Worksh.})
@String(CSVT = {IEEE Trans. Circuit Syst. Video Technol.})

@String(SPL	= {IEEE Sign. Process. Letters})
@String(VR   = {Vis. Res.})
@String(JOV	 = {J. Vis.})
@String(TVC  = {The Vis. Comput.})
@String(JCST  = {J. Comput. Sci. Tech.})
@String(CGF  = {Comput. Graph. Forum})
@String(CVM = {Computational Visual Media})


@String(PAMI  = {IEEE TPAMI})
@String(IJCV  = {IJCV})
@String(CVPR  = {CVPR})
@String(ICCV  = {ICCV})
@String(ECCV  = {ECCV})
@String(NIPS  = {NeurIPS})
@String(ICPR  = {ICPR})
@String(BMVC  =	{BMVC})
@String(TOG   = {ACM TOG})
@String(TIP   = {IEEE TIP})
@String(TVCG  = {IEEE TVCG})
@String(TCSVT = {IEEE TCSVT})
@String(TMM   =	{IEEE TMM})
@String(ACMMM = {ACM MM})
@String(ICME  =	{ICME})
@String(ICASSP=	{ICASSP})
@String(ICIP  = {ICIP})
@String(ACCV  = {ACCV})
@String(ICLR  = {ICLR})
@String(IJCAI = {IJCAI})
@String(PR = {PR})
@String(AAAI = {AAAI})
@String(CVPRW= {CVPRW})
@String(CSVT = {IEEE TCSVT})



@article{Alpher17,
	title={Digital twin: Mitigating unpredictable, undesirable emergent behavior in complex systems},
	author={Grieves, Michael and Vickers, John},
	journal={Transdisciplinary perspectives on complex systems: New findings and approaches},
	pages={85--113},
	year={2017},
	publisher={Springer}
}

@article{Alpher17b,
	title={Digital twin: Mitigating unpredictable, undesirable emergent behavior in complex systems},
	author={Grieves, Michael and Vickers, John},
	journal={Transdisciplinary perspectives on complex systems: New findings and approaches},
	pages={85--113},
	year={2017},
	publisher={Springer}
}

@inproceedings{Alpher19,
	title={Pointpillars: Fast encoders for object detection from point clouds},
	author={Lang, Alex H and Vora, Sourabh and Caesar, Holger and Zhou, Lubing and Yang, Jiong and Beijbom, Oscar},
	booktitle={Proceedings of the IEEE/CVF conference on computer vision and pattern recognition},
	pages={12697--12705},
	year={2019}
}

@inproceedings{Alpher19b,
	title={Part-regularized near-duplicate vehicle re-identification},
	author={He, Bing and Li, Jia and Zhao, Yifan and Tian, Yonghong},
	booktitle={Proceedings of the IEEE/CVF Conference on Computer Vision and Pattern Recognition},
	pages={3997--4005},
	year={2019}
}

@inproceedings{Alpher19c,
	title={A dual-path model with adaptive attention for vehicle re-identification},
	author={Khorramshahi, Pirazh and Kumar, Amit and Peri, Neehar and Rambhatla, Sai Saketh and Chen, Jun-Cheng and Chellappa, Rama},
	booktitle={Proceedings of the IEEE/CVF international conference on computer vision},
	pages={6132--6141},
	year={2019}
}

@article{Alpher20,
	title={Yolov4: Optimal speed and accuracy of object detection},
	author={Bochkovskiy, Alexey and Wang, Chien-Yao and Liao, Hong-Yuan Mark},
	journal={arXiv preprint arXiv:2004.10934},
	year={2020}
}

@inproceedings{Alpher20b,
	title={Efficientdet: Scalable and efficient object detection},
	author={Tan, Mingxing and Pang, Ruoming and Le, Quoc V},
	booktitle={Proceedings of the IEEE/CVF conference on computer vision and pattern recognition},
	pages={10781--10790},
	year={2020}
}

@article{Alpher20c,
	title={Digital Twin-driven smart manufacturing: Connotation, reference model, applications and research issues},
	author={Lu, Yuqian and Liu, Chao and Kevin, I and Wang, Kai and Huang, Huiyue and Xu, Xun},
	journal={Robotics and computer-integrated manufacturing},
	volume={61},
	pages={101837},
	year={2020},
	publisher={Elsevier}
}

@article{Alpher20d,
	title={Characterising the Digital Twin: A systematic literature review},
	author={Jones, David and Snider, Chris and Nassehi, Aydin and Yon, Jason and Hicks, Ben},
	journal={CIRP journal of manufacturing science and technology},
	volume={29},
	pages={36--52},
	year={2020},
	publisher={Elsevier}
}

@article{Alpher20e,
	title={Fusion of 3D LIDAR and camera data for object detection in autonomous vehicle applications},
	author={Zhao, Xiangmo and Sun, Pengpeng and Xu, Zhigang and Min, Haigen and Yu, Hongkai},
	journal={IEEE Sensors Journal},
	volume={20},
	number={9},
	pages={4901--4913},
	year={2020},
	publisher={IEEE}
}

@article{Alpher20f,
	title={VehicleNet: Learning robust visual representation for vehicle re-identification},
	author={Zheng, Zhedong and Ruan, Tao and Wei, Yunchao and Yang, Yi and Mei, Tao},
	journal={IEEE Transactions on Multimedia},
	volume={23},
	pages={2683--2693},
	year={2020},
	publisher={IEEE}
}

@article{Alpher20g,
	title={A survey of the recent architectures of deep convolutional neural networks},
	author={Khan, Asifullah and Sohail, Anabia and Zahoora, Umme and Qureshi, Aqsa Saeed},
	journal={Artificial intelligence review},
	volume={53},
	pages={5455--5516},
	year={2020},
	publisher={Springer}
}

@inproceedings{Alpher21,
	title={Trajectory planning for autonomous vehicles using hierarchical reinforcement learning},
	author={Naveed, Kaleb Ben and Qiao, Zhiqian and Dolan, John M},
	booktitle={2021 IEEE International Intelligent Transportation Systems Conference (ITSC)},
	pages={601--606},
	year={2021},
	organization={IEEE}
}

@article{Alpher21b,
	title={Digital twin analysis to promote safety and security in autonomous vehicles},
	author={Almeaibed, Sadeq and Al-Rubaye, Saba and Tsourdos, Antonios and Avdelidis, Nicolas P},
	journal={IEEE Communications Standards Magazine},
	volume={5},
	number={1},
	pages={40--46},
	year={2021},
	publisher={IEEE}
}

@inproceedings{Alpher21c,
	title={Panda: Adapting pretrained features for anomaly detection and segmentation},
	author={Reiss, Tal and Cohen, Niv and Bergman, Liron and Hoshen, Yedid},
	booktitle={Proceedings of the IEEE/CVF conference on computer vision and pattern recognition},
	pages={2806--2814},
	year={2021}
}

@inproceedings{Alpher21d,
	title={Multi-target multi-camera vehicle tracking for city-scale traffic management},
	author={Shim, Kyujin and Yoon, Sungjoon and Ko, Kangwook and Kim, Changick},
	booktitle={Proceedings of the IEEE/CVF conference on computer vision and pattern recognition},
	pages={4193--4200},
	year={2021}
}

@article{Alpher21d,
	title={Use of generative adversarial networks (GAN) for taphonomic image augmentation and model protocol for the deep learning analysis of bone surface modifications},
	author={Dominguez-Rodrigo, Manuel and Fernandez-Jauregui, Ander and Cifuentes-Alcobendas, Gabriel and Baquedano, Enrique},
	journal={Applied Sciences},
	volume={11},
	number={11},
	pages={5237},
	year={2021},
	publisher={MDPI}
}

@article{Alpher22,
	title={Deep reinforcement learning based control for Autonomous Vehicles in CARLA},
	author={P{\'e}rez-Gil, {\'O}scar and Barea, Rafael and L{\'o}pez-Guill{\'e}n, Elena and Bergasa, Luis M and G{\'o}mez-Hu{\'e}lamo, Carlos and Guti{\'e}rrez, Rodrigo and D{\'\i}az-D{\'\i}az, Alejandro},
	journal={Multimedia Tools and Applications},
	volume={81},
	number={3},
	pages={3553--3576},
	year={2022},
	publisher={Springer}
}

@inproceedings{Alpher22b,
	title={Bytetrack: Multi-object tracking by associating every detection box},
	author={Zhang, Yifu and Sun, Peize and Jiang, Yi and Yu, Dongdong and Weng, Fucheng and Yuan, Zehuan and Luo, Ping and Liu, Wenyu and Wang, Xinggang},
	booktitle={European conference on computer vision},
	pages={1--21},
	year={2022},
	organization={Springer}
}

@article{Alpher22c,
	title={Review and perspectives on driver digital twin and its enabling technologies for intelligent vehicles},
	author={Hu, Zhongxu and Lou, Shanhe and Xing, Yang and Wang, Xiao and Cao, Dongpu and Lv, Chen},
	journal={IEEE Transactions on Intelligent Vehicles},
	volume={7},
	number={3},
	pages={417--440},
	year={2022},
	publisher={IEEE}
}

@inproceedings{Alpher22d,
	title={On adversarial robustness of trajectory prediction for autonomous vehicles},
	author={Zhang, Qingzhao and Hu, Shengtuo and Sun, Jiachen and Chen, Qi Alfred and Mao, Z Morley},
	booktitle={Proceedings of the IEEE/CVF Conference on Computer Vision and Pattern Recognition},
	pages={15159--15168},
	year={2022}
}

@article{Alpher22e,
	title={Carla: Car learning to actâ€”an inside out},
	author={Malik, Sumbal and Khan, Manzoor Ahmed and El-Sayed, Hesham},
	journal={Procedia Computer Science},
	volume={198},
	pages={742--749},
	year={2022},
	publisher={Elsevier}
}

@inproceedings{Alpher22f,
	title={Modality-agnostic learning for radar-lidar fusion in vehicle detection},
	author={Li, Yu-Jhe and Park, Jinhyung and O'Toole, Matthew and Kitani, Kris},
	booktitle={proceedings of the IEEE/CVF conference on computer vision and pattern recognition},
	pages={918--927},
	year={2022}
}

@article{Alpher22g,
	title={Multi-sensor measurement and data fusion},
	author={Liu, Zheng and Xiao, George and Liu, Huan and Wei, Hanbing},
	journal={IEEE Instrumentation \& Measurement Magazine},
	volume={25},
	number={1},
	pages={28--36},
	year={2022},
	publisher={IEEE}
}

@inproceedings{Alpher22h,
	title={MVD-Net: Semantic segmentation of cataract surgery using multi-view learning},
	author={Ou, Mingyang and Li, Heng and Liu, Haofeng and Wang, Xiaoxuan and Yi, Chenlang and Hao, Luoying and Hu, Yan and Liu, Jiang},
	booktitle={2022 44th Annual International Conference of the IEEE Engineering in Medicine \& Biology Society (EMBC)},
	pages={5035--5038},
	year={2022},
	organization={IEEE}
}

@article{Alpher23,
	title={Real-time multiple object tracking using deep learning methods},
	author={Meimetis, Dimitrios and Daramouskas, Ioannis and Perikos, Isidoros and Hatzilygeroudis, Ioannis},
	journal={Neural Computing and Applications},
	volume={35},
	number={1},
	pages={89--118},
	year={2023},
	publisher={Springer}
}

@article{Alpher23b,
	title={Multi-camera multi-object tracking: A review of current trends and future advances},
	author={Amosa, Temitope Ibrahim and Sebastian, Patrick and Izhar, Lila Iznita and Ibrahim, Oladimeji and Ayinla, Lukman Shehu and Bahashwan, Abdulrahman Abdullah and Bala, Abubakar and Samaila, Yau Alhaji},
	journal={Neurocomputing},
	volume={552},
	pages={126558},
	year={2023},
	publisher={Elsevier}
}

@article{Alpher24,
	title={A Digital Twin-Based Traffic Guidance Scheme for Autonomous Driving},
	author={Liao, Xiwen and Leng, Supeng and Sun, Yao and Zhang, Ke and Imran, Muhammad Ali},
	journal={IEEE Internet of Things Journal},
	year={2024},
	publisher={IEEE}
}

@article{Alpher24b,
	title={Autonomous driving test system under hybrid reality: The role of digital twin technology},
	author={Shoukat, Muhammad Usman and Yan, Lirong and Yan, Yukai and Zhang, Fan and Zhai, Yikang and Han, Peng and Nawaz, Saqib Ali and Raza, Muhammad Ahmad and Akbar, Muhammad Waqas and Hussain, Abid},
	journal={Internet of Things},
	volume={27},
	pages={101301},
	year={2024},
	publisher={Elsevier}
}

@article{Alpher24c,
	title={D-tracking: digital twin enabled trajectory tracking system of autonomous vehicles},
	author={Hu, Yaqi and Wu, Maoqiang and Kang, Jiawen and Yu, Rong},
	journal={IEEE Transactions on Vehicular Technology},
	year={2024},
	publisher={IEEE}
}

@article{Alpher24d,
	title={Contrastive completing learning for practical text--image person reid: Robuster and cheaper},
	author={Du, Guodong and Gong, Tiantian and Zhang, Liyan},
	journal={Expert Systems with Applications},
	volume={248},
	pages={123399},
	year={2024},
	publisher={Elsevier}
}

@inproceedings{Alpher24e,
	title={Ocmctrack: Online multi-target multi-camera tracking with corrective matching cascade},
	author={Specker, Andreas},
	booktitle={Proceedings of the IEEE/CVF Conference on Computer Vision and Pattern Recognition},
	pages={7236--7244},
	year={2024}
}